%YAML 1.1
%TAG !u! tag:unity3d.com,2011:
--- !u!29 &1
SceneSettings:
  m_ObjectHideFlags: 0
  m_PVSData: 
  m_PVSObjectsArray: []
  m_PVSPortalsArray: []
  m_OcclusionBakeSettings:
    smallestOccluder: 5
    smallestHole: .25
    backfaceThreshold: 100
--- !u!104 &2
RenderSettings:
  m_ObjectHideFlags: 0
  serializedVersion: 6
  m_Fog: 0
  m_FogColor: {r: .5, g: .5, b: .5, a: 1}
  m_FogMode: 3
  m_FogDensity: .00999999978
  m_LinearFogStart: 0
  m_LinearFogEnd: 300
  m_AmbientSkyColor: {r: .211999997, g: .226999998, b: .259000003, a: 1}
  m_AmbientEquatorColor: {r: .114, g: .125, b: .133000001, a: 1}
  m_AmbientGroundColor: {r: .0469999984, g: .0430000015, b: .0350000001, a: 1}
  m_AmbientIntensity: 1
  m_AmbientMode: 3
  m_SkyboxMaterial: {fileID: 0}
  m_HaloStrength: .5
  m_FlareStrength: 1
  m_FlareFadeSpeed: 3
  m_HaloTexture: {fileID: 0}
  m_SpotCookie: {fileID: 10001, guid: 0000000000000000e000000000000000, type: 0}
  m_DefaultReflectionMode: 0
  m_DefaultReflectionResolution: 128
  m_ReflectionBounces: 1
  m_ReflectionIntensity: 1
  m_CustomReflection: {fileID: 0}
  m_Sun: {fileID: 0}
--- !u!127 &3
LevelGameManager:
  m_ObjectHideFlags: 0
--- !u!157 &4
LightmapSettings:
  m_ObjectHideFlags: 0
  serializedVersion: 5
  m_GIWorkflowMode: 1
  m_LightmapsMode: 1
  m_GISettings:
    serializedVersion: 2
    m_BounceScale: 1
    m_IndirectOutputScale: 1
    m_AlbedoBoost: 1
    m_TemporalCoherenceThreshold: 1
    m_EnvironmentLightingMode: 0
    m_EnableBakedLightmaps: 0
    m_EnableRealtimeLightmaps: 0
  m_LightmapEditorSettings:
    serializedVersion: 3
    m_Resolution: 2
    m_BakeResolution: 40
    m_TextureWidth: 1024
    m_TextureHeight: 1024
    m_AOMaxDistance: 1
    m_Padding: 2
    m_CompAOExponent: 0
    m_LightmapParameters: {fileID: 0}
    m_TextureCompression: 1
    m_FinalGather: 0
    m_FinalGatherRayCount: 1024
  m_LightmapSnapshot: {fileID: 0}
  m_RuntimeCPUUsage: 25
--- !u!196 &5
NavMeshSettings:
  serializedVersion: 2
  m_ObjectHideFlags: 0
  m_BuildSettings:
    serializedVersion: 2
    agentRadius: .5
    agentHeight: 2
    agentSlope: 45
    agentClimb: .400000006
    ledgeDropHeight: 0
    maxJumpAcrossDistance: 0
    accuratePlacement: 0
    minRegionArea: 2
    cellSize: .166666672
    manualCellSize: 0
  m_NavMeshData: {fileID: 0}
--- !u!1001 &147084037
Prefab:
  m_ObjectHideFlags: 0
  serializedVersion: 2
  m_Modification:
    m_TransformParent: {fileID: 0}
    m_Modifications:
    - target: {fileID: 469164, guid: af61ffc9df120cc40a41273b337f548d, type: 2}
      propertyPath: m_LocalPosition.x
      value: 2.84104943
      objectReference: {fileID: 0}
    - target: {fileID: 469164, guid: af61ffc9df120cc40a41273b337f548d, type: 2}
      propertyPath: m_LocalPosition.y
      value: -2.82505965
      objectReference: {fileID: 0}
    - target: {fileID: 469164, guid: af61ffc9df120cc40a41273b337f548d, type: 2}
      propertyPath: m_LocalPosition.z
      value: 0
      objectReference: {fileID: 0}
    - target: {fileID: 469164, guid: af61ffc9df120cc40a41273b337f548d, type: 2}
      propertyPath: m_LocalRotation.x
      value: 0
      objectReference: {fileID: 0}
    - target: {fileID: 469164, guid: af61ffc9df120cc40a41273b337f548d, type: 2}
      propertyPath: m_LocalRotation.y
      value: 0
      objectReference: {fileID: 0}
    - target: {fileID: 469164, guid: af61ffc9df120cc40a41273b337f548d, type: 2}
      propertyPath: m_LocalRotation.z
      value: 0
      objectReference: {fileID: 0}
    - target: {fileID: 469164, guid: af61ffc9df120cc40a41273b337f548d, type: 2}
      propertyPath: m_LocalRotation.w
      value: 1
      objectReference: {fileID: 0}
    - target: {fileID: 469164, guid: af61ffc9df120cc40a41273b337f548d, type: 2}
      propertyPath: m_RootOrder
      value: 5
      objectReference: {fileID: 0}
    m_RemovedComponents: []
  m_ParentPrefab: {fileID: 100100000, guid: af61ffc9df120cc40a41273b337f548d, type: 2}
  m_IsPrefabParent: 0
--- !u!1 &154235394
GameObject:
  m_ObjectHideFlags: 0
  m_PrefabParentObject: {fileID: 100018, guid: 6aa187bc6339843479c03fdfd71404a3, type: 2}
  m_PrefabInternal: {fileID: 0}
  serializedVersion: 4
  m_Component:
  - 4: {fileID: 154235395}
  - 212: {fileID: 154235396}
  m_Layer: 9
  m_Name: leftEye
  m_TagString: Untagged
  m_Icon: {fileID: 0}
  m_NavMeshLayer: 0
  m_StaticEditorFlags: 0
  m_IsActive: 1
--- !u!4 &154235395
Transform:
  m_ObjectHideFlags: 0
  m_PrefabParentObject: {fileID: 400018, guid: 6aa187bc6339843479c03fdfd71404a3, type: 2}
  m_PrefabInternal: {fileID: 0}
  m_GameObject: {fileID: 154235394}
  m_LocalRotation: {x: 0, y: 0, z: 0, w: 1}
  m_LocalPosition: {x: .130796909, y: .332726717, z: -1}
  m_LocalScale: {x: .400000006, y: .400000006, z: .400000006}
  m_Children: []
  m_Father: {fileID: 1800880047}
  m_RootOrder: 2
--- !u!212 &154235396
SpriteRenderer:
  m_ObjectHideFlags: 0
  m_PrefabParentObject: {fileID: 21200014, guid: 6aa187bc6339843479c03fdfd71404a3,
    type: 2}
  m_PrefabInternal: {fileID: 0}
  m_GameObject: {fileID: 154235394}
  m_Enabled: 1
  m_CastShadows: 0
  m_ReceiveShadows: 0
  m_Materials:
  - {fileID: 10754, guid: 0000000000000000e000000000000000, type: 0}
  m_SubsetIndices: 
  m_StaticBatchRoot: {fileID: 0}
  m_UseLightProbes: 0
  m_ReflectionProbeUsage: 0
  m_ProbeAnchor: {fileID: 0}
  m_ScaleInLightmap: 1
  m_PreserveUVs: 0
  m_ImportantGI: 0
  m_AutoUVMaxDistance: .5
  m_AutoUVMaxAngle: 89
  m_LightmapParameters: {fileID: 0}
  m_SortingLayerID: -1783731295
  m_SortingOrder: 0
  m_Sprite: {fileID: 21300018, guid: e7d3a1e0e2fac4bd48b6734c2daf4fe1, type: 3}
  m_Color: {r: 1, g: 1, b: 1, a: 1}
--- !u!1 &329494232
GameObject:
  m_ObjectHideFlags: 0
  m_PrefabParentObject: {fileID: 0}
  m_PrefabInternal: {fileID: 0}
  serializedVersion: 4
  m_Component:
  - 4: {fileID: 329494236}
  - 33: {fileID: 329494235}
  - 23: {fileID: 329494234}
  - 61: {fileID: 329494233}
  - 114: {fileID: 329494237}
  m_Layer: 0
  m_Name: DeathTrigger
  m_TagString: Untagged
  m_Icon: {fileID: 0}
  m_NavMeshLayer: 0
  m_StaticEditorFlags: 0
  m_IsActive: 1
--- !u!61 &329494233
BoxCollider2D:
  m_ObjectHideFlags: 0
  m_PrefabParentObject: {fileID: 0}
  m_PrefabInternal: {fileID: 0}
  m_GameObject: {fileID: 329494232}
  m_Enabled: 1
  m_Material: {fileID: 0}
  m_IsTrigger: 1
  m_UsedByEffector: 0
  m_Offset: {x: 0, y: 0}
  serializedVersion: 2
  m_Size: {x: 1, y: 1}
--- !u!23 &329494234
MeshRenderer:
  m_ObjectHideFlags: 0
  m_PrefabParentObject: {fileID: 0}
  m_PrefabInternal: {fileID: 0}
  m_GameObject: {fileID: 329494232}
  m_Enabled: 0
  m_CastShadows: 1
  m_ReceiveShadows: 1
  m_Materials:
  - {fileID: 10303, guid: 0000000000000000f000000000000000, type: 0}
  m_SubsetIndices: 
  m_StaticBatchRoot: {fileID: 0}
  m_UseLightProbes: 1
  m_ReflectionProbeUsage: 1
  m_ProbeAnchor: {fileID: 0}
  m_ScaleInLightmap: 1
  m_PreserveUVs: 1
  m_ImportantGI: 0
  m_AutoUVMaxDistance: .5
  m_AutoUVMaxAngle: 89
  m_LightmapParameters: {fileID: 0}
  m_SortingLayerID: 0
  m_SortingOrder: 0
--- !u!33 &329494235
MeshFilter:
  m_ObjectHideFlags: 0
  m_PrefabParentObject: {fileID: 0}
  m_PrefabInternal: {fileID: 0}
  m_GameObject: {fileID: 329494232}
  m_Mesh: {fileID: 10202, guid: 0000000000000000e000000000000000, type: 0}
--- !u!4 &329494236
Transform:
  m_ObjectHideFlags: 0
  m_PrefabParentObject: {fileID: 0}
  m_PrefabInternal: {fileID: 0}
  m_GameObject: {fileID: 329494232}
  m_LocalRotation: {x: 0, y: 0, z: 0, w: 1}
  m_LocalPosition: {x: 220, y: -20, z: 0}
  m_LocalScale: {x: 500, y: 1, z: 1}
  m_Children: []
  m_Father: {fileID: 0}
  m_RootOrder: 4
--- !u!114 &329494237
MonoBehaviour:
  m_ObjectHideFlags: 0
  m_PrefabParentObject: {fileID: 0}
  m_PrefabInternal: {fileID: 0}
  m_GameObject: {fileID: 329494232}
  m_Enabled: 1
  m_EditorHideFlags: 0
  m_Script: {fileID: 11500000, guid: ad94636a9ddd46a4589e95fadf3ae4b4, type: 3}
  m_Name: 
  m_EditorClassIdentifier: 
--- !u!1 &634310870
GameObject:
  m_ObjectHideFlags: 0
  m_PrefabParentObject: {fileID: 100006, guid: 6aa187bc6339843479c03fdfd71404a3, type: 2}
  m_PrefabInternal: {fileID: 0}
  serializedVersion: 4
  m_Component:
  - 4: {fileID: 634310871}
  - 212: {fileID: 634310872}
  m_Layer: 9
  m_Name: rightHand
  m_TagString: Untagged
  m_Icon: {fileID: 0}
  m_NavMeshLayer: 0
  m_StaticEditorFlags: 0
  m_IsActive: 1
--- !u!4 &634310871
Transform:
  m_ObjectHideFlags: 0
  m_PrefabParentObject: {fileID: 400006, guid: 6aa187bc6339843479c03fdfd71404a3, type: 2}
  m_PrefabInternal: {fileID: 0}
  m_GameObject: {fileID: 634310870}
  m_LocalRotation: {x: 0, y: 0, z: 0, w: 1}
  m_LocalPosition: {x: -.388343334, y: -.125894308, z: -1}
  m_LocalScale: {x: .400000006, y: .400000006, z: .400000006}
  m_Children: []
  m_Father: {fileID: 1800880047}
  m_RootOrder: 7
--- !u!212 &634310872
SpriteRenderer:
  m_ObjectHideFlags: 0
  m_PrefabParentObject: {fileID: 21200006, guid: 6aa187bc6339843479c03fdfd71404a3,
    type: 2}
  m_PrefabInternal: {fileID: 0}
  m_GameObject: {fileID: 634310870}
  m_Enabled: 1
  m_CastShadows: 0
  m_ReceiveShadows: 0
  m_Materials:
  - {fileID: 10754, guid: 0000000000000000e000000000000000, type: 0}
  m_SubsetIndices: 
  m_StaticBatchRoot: {fileID: 0}
  m_UseLightProbes: 0
  m_ReflectionProbeUsage: 0
  m_ProbeAnchor: {fileID: 0}
  m_ScaleInLightmap: 1
  m_PreserveUVs: 0
  m_ImportantGI: 0
  m_AutoUVMaxDistance: .5
  m_AutoUVMaxAngle: 89
  m_LightmapParameters: {fileID: 0}
  m_SortingLayerID: -1783731295
  m_SortingOrder: 0
  m_Sprite: {fileID: 21300012, guid: e7d3a1e0e2fac4bd48b6734c2daf4fe1, type: 3}
  m_Color: {r: 1, g: 1, b: 1, a: 1}
--- !u!1001 &781290810
Prefab:
  m_ObjectHideFlags: 0
  serializedVersion: 2
  m_Modification:
    m_TransformParent: {fileID: 0}
    m_Modifications:
    - target: {fileID: 451114, guid: 57fd2bb7499212741ab7c8669f427cee, type: 2}
      propertyPath: m_LocalPosition.x
      value: 0
      objectReference: {fileID: 0}
    - target: {fileID: 451114, guid: 57fd2bb7499212741ab7c8669f427cee, type: 2}
      propertyPath: m_LocalPosition.y
      value: -2.56999993
      objectReference: {fileID: 0}
    - target: {fileID: 451114, guid: 57fd2bb7499212741ab7c8669f427cee, type: 2}
      propertyPath: m_LocalPosition.z
      value: 0
      objectReference: {fileID: 0}
    - target: {fileID: 451114, guid: 57fd2bb7499212741ab7c8669f427cee, type: 2}
      propertyPath: m_LocalRotation.x
      value: 0
      objectReference: {fileID: 0}
    - target: {fileID: 451114, guid: 57fd2bb7499212741ab7c8669f427cee, type: 2}
      propertyPath: m_LocalRotation.y
      value: 0
      objectReference: {fileID: 0}
    - target: {fileID: 451114, guid: 57fd2bb7499212741ab7c8669f427cee, type: 2}
      propertyPath: m_LocalRotation.z
      value: 0
      objectReference: {fileID: 0}
    - target: {fileID: 451114, guid: 57fd2bb7499212741ab7c8669f427cee, type: 2}
      propertyPath: m_LocalRotation.w
      value: 1
      objectReference: {fileID: 0}
    - target: {fileID: 451114, guid: 57fd2bb7499212741ab7c8669f427cee, type: 2}
      propertyPath: m_RootOrder
      value: 1
      objectReference: {fileID: 0}
    m_RemovedComponents: []
  m_ParentPrefab: {fileID: 100100000, guid: 57fd2bb7499212741ab7c8669f427cee, type: 2}
  m_IsPrefabParent: 0
--- !u!1 &964929136
GameObject:
  m_ObjectHideFlags: 0
  m_PrefabParentObject: {fileID: 100002, guid: 6aa187bc6339843479c03fdfd71404a3, type: 2}
  m_PrefabInternal: {fileID: 0}
  serializedVersion: 4
  m_Component:
  - 4: {fileID: 964929137}
  - 212: {fileID: 964929138}
  m_Layer: 9
  m_Name: leftFoot
  m_TagString: Untagged
  m_Icon: {fileID: 0}
  m_NavMeshLayer: 0
  m_StaticEditorFlags: 0
  m_IsActive: 1
--- !u!4 &964929137
Transform:
  m_ObjectHideFlags: 0
  m_PrefabParentObject: {fileID: 400002, guid: 6aa187bc6339843479c03fdfd71404a3, type: 2}
  m_PrefabInternal: {fileID: 0}
  m_GameObject: {fileID: 964929136}
  m_LocalRotation: {x: 0, y: 0, z: 0, w: 1}
  m_LocalPosition: {x: .299826145, y: -.651006222, z: 0}
  m_LocalScale: {x: .400000006, y: .400000006, z: .400000006}
  m_Children: []
  m_Father: {fileID: 1800880047}
  m_RootOrder: 3
--- !u!212 &964929138
SpriteRenderer:
  m_ObjectHideFlags: 0
  m_PrefabParentObject: {fileID: 21200002, guid: 6aa187bc6339843479c03fdfd71404a3,
    type: 2}
  m_PrefabInternal: {fileID: 0}
  m_GameObject: {fileID: 964929136}
  m_Enabled: 1
  m_CastShadows: 0
  m_ReceiveShadows: 0
  m_Materials:
  - {fileID: 10754, guid: 0000000000000000e000000000000000, type: 0}
  m_SubsetIndices: 
  m_StaticBatchRoot: {fileID: 0}
  m_UseLightProbes: 0
  m_ReflectionProbeUsage: 0
  m_ProbeAnchor: {fileID: 0}
  m_ScaleInLightmap: 1
  m_PreserveUVs: 0
  m_ImportantGI: 0
  m_AutoUVMaxDistance: .5
  m_AutoUVMaxAngle: 89
  m_LightmapParameters: {fileID: 0}
  m_SortingLayerID: -1783731295
  m_SortingOrder: 0
  m_Sprite: {fileID: 21300002, guid: e7d3a1e0e2fac4bd48b6734c2daf4fe1, type: 3}
  m_Color: {r: 1, g: 1, b: 1, a: 1}
--- !u!1 &975936139
GameObject:
  m_ObjectHideFlags: 0
  m_PrefabParentObject: {fileID: 100016, guid: 6aa187bc6339843479c03fdfd71404a3, type: 2}
  m_PrefabInternal: {fileID: 0}
  serializedVersion: 4
  m_Component:
  - 4: {fileID: 975936142}
  - 114: {fileID: 975936141}
  - 82: {fileID: 975936140}
  m_Layer: 9
  m_Name: Gun
  m_TagString: Untagged
  m_Icon: {fileID: -215833656, guid: 0000000000000000d000000000000000, type: 0}
  m_NavMeshLayer: 0
  m_StaticEditorFlags: 0
  m_IsActive: 0
--- !u!82 &975936140
AudioSource:
  m_ObjectHideFlags: 0
  m_PrefabParentObject: {fileID: 8200000, guid: 6aa187bc6339843479c03fdfd71404a3,
    type: 2}
  m_PrefabInternal: {fileID: 0}
  m_GameObject: {fileID: 975936139}
  m_Enabled: 1
  serializedVersion: 4
  OutputAudioMixerGroup: {fileID: 0}
  m_audioClip: {fileID: 8300000, guid: 71c2c0e8ae6c44d459723bef91c9bbbf, type: 3}
  m_PlayOnAwake: 0
  m_Volume: 1
  m_Pitch: 1.10000002
  Loop: 0
  Mute: 0
  Priority: 128
  DopplerLevel: 1
  MinDistance: 1
  MaxDistance: 500
  Pan2D: 0
  rolloffMode: 0
  BypassEffects: 0
  BypassListenerEffects: 0
  BypassReverbZones: 0
  rolloffCustomCurve:
    serializedVersion: 2
    m_Curve:
    - time: 0
      value: 1
      inSlope: 0
      outSlope: 0
      tangentMode: 0
    - time: 1
      value: 0
      inSlope: 0
      outSlope: 0
      tangentMode: 0
    m_PreInfinity: 2
    m_PostInfinity: 2
  panLevelCustomCurve:
    serializedVersion: 2
    m_Curve:
    - time: 0
      value: 1
      inSlope: 0
      outSlope: 0
      tangentMode: 0
    m_PreInfinity: 2
    m_PostInfinity: 2
  spreadCustomCurve:
    serializedVersion: 2
    m_Curve:
    - time: 0
      value: 0
      inSlope: 0
      outSlope: 0
      tangentMode: 0
    m_PreInfinity: 2
    m_PostInfinity: 2
  reverbZoneMixCustomCurve:
    serializedVersion: 2
    m_Curve:
    - time: 0
      value: 1
      inSlope: 0
      outSlope: 0
      tangentMode: 0
    m_PreInfinity: 2
    m_PostInfinity: 2
--- !u!114 &975936141
MonoBehaviour:
  m_ObjectHideFlags: 0
  m_PrefabParentObject: {fileID: 11400000, guid: 6aa187bc6339843479c03fdfd71404a3,
    type: 2}
  m_PrefabInternal: {fileID: 0}
  m_GameObject: {fileID: 975936139}
  m_Enabled: 1
  m_EditorHideFlags: 0
  m_Script: {fileID: 0}
  m_Name: 
  m_EditorClassIdentifier: 
--- !u!4 &975936142
Transform:
  m_ObjectHideFlags: 0
  m_PrefabParentObject: {fileID: 400016, guid: 6aa187bc6339843479c03fdfd71404a3, type: 2}
  m_PrefabInternal: {fileID: 0}
  m_GameObject: {fileID: 975936139}
  m_LocalRotation: {x: 0, y: 0, z: 0, w: 1}
  m_LocalPosition: {x: .798867524, y: .236645535, z: 0}
  m_LocalScale: {x: .5, y: .5, z: .5}
  m_Children: []
  m_Father: {fileID: 1800880047}
  m_RootOrder: 11
--- !u!1 &1155856112
GameObject:
  m_ObjectHideFlags: 0
  m_PrefabParentObject: {fileID: 100022, guid: 6aa187bc6339843479c03fdfd71404a3, type: 2}
  m_PrefabInternal: {fileID: 0}
  serializedVersion: 4
  m_Component:
  - 4: {fileID: 1155856113}
  - 212: {fileID: 1155856114}
  m_Layer: 9
  m_Name: rightEye
  m_TagString: Untagged
  m_Icon: {fileID: 0}
  m_NavMeshLayer: 0
  m_StaticEditorFlags: 0
  m_IsActive: 1
--- !u!4 &1155856113
Transform:
  m_ObjectHideFlags: 0
  m_PrefabParentObject: {fileID: 400022, guid: 6aa187bc6339843479c03fdfd71404a3, type: 2}
  m_PrefabInternal: {fileID: 0}
  m_GameObject: {fileID: 1155856112}
  m_LocalRotation: {x: 0, y: 0, z: 0, w: 1}
  m_LocalPosition: {x: -.0894942284, y: .298306227, z: -1}
  m_LocalScale: {x: .400000006, y: .400000006, z: .400000006}
  m_Children: []
  m_Father: {fileID: 1800880047}
  m_RootOrder: 5
--- !u!212 &1155856114
SpriteRenderer:
  m_ObjectHideFlags: 0
  m_PrefabParentObject: {fileID: 21200016, guid: 6aa187bc6339843479c03fdfd71404a3,
    type: 2}
  m_PrefabInternal: {fileID: 0}
  m_GameObject: {fileID: 1155856112}
  m_Enabled: 1
  m_CastShadows: 0
  m_ReceiveShadows: 0
  m_Materials:
  - {fileID: 10754, guid: 0000000000000000e000000000000000, type: 0}
  m_SubsetIndices: 
  m_StaticBatchRoot: {fileID: 0}
  m_UseLightProbes: 0
  m_ReflectionProbeUsage: 0
  m_ProbeAnchor: {fileID: 0}
  m_ScaleInLightmap: 1
  m_PreserveUVs: 0
  m_ImportantGI: 0
  m_AutoUVMaxDistance: .5
  m_AutoUVMaxAngle: 89
  m_LightmapParameters: {fileID: 0}
  m_SortingLayerID: -1783731295
  m_SortingOrder: 0
  m_Sprite: {fileID: 21300016, guid: e7d3a1e0e2fac4bd48b6734c2daf4fe1, type: 3}
  m_Color: {r: 1, g: 1, b: 1, a: 1}
--- !u!1 &1246195138
GameObject:
  m_ObjectHideFlags: 0
  m_PrefabParentObject: {fileID: 100000, guid: 6aa187bc6339843479c03fdfd71404a3, type: 2}
  m_PrefabInternal: {fileID: 0}
  serializedVersion: 4
  m_Component:
  - 4: {fileID: 1246195139}
  - 212: {fileID: 1246195140}
  m_Layer: 9
  m_Name: rightFoot
  m_TagString: Untagged
  m_Icon: {fileID: 0}
  m_NavMeshLayer: 0
  m_StaticEditorFlags: 0
  m_IsActive: 1
--- !u!4 &1246195139
Transform:
  m_ObjectHideFlags: 0
  m_PrefabParentObject: {fileID: 400000, guid: 6aa187bc6339843479c03fdfd71404a3, type: 2}
  m_PrefabInternal: {fileID: 0}
  m_GameObject: {fileID: 1246195138}
  m_LocalRotation: {x: 0, y: 0, z: 0, w: 1}
  m_LocalPosition: {x: -.168962479, y: -.723890543, z: 0}
  m_LocalScale: {x: .400000006, y: .400000006, z: .400000006}
  m_Children: []
  m_Father: {fileID: 1800880047}
  m_RootOrder: 6
--- !u!212 &1246195140
SpriteRenderer:
  m_ObjectHideFlags: 0
  m_PrefabParentObject: {fileID: 21200000, guid: 6aa187bc6339843479c03fdfd71404a3,
    type: 2}
  m_PrefabInternal: {fileID: 0}
  m_GameObject: {fileID: 1246195138}
  m_Enabled: 1
  m_CastShadows: 0
  m_ReceiveShadows: 0
  m_Materials:
  - {fileID: 10754, guid: 0000000000000000e000000000000000, type: 0}
  m_SubsetIndices: 
  m_StaticBatchRoot: {fileID: 0}
  m_UseLightProbes: 0
  m_ReflectionProbeUsage: 0
  m_ProbeAnchor: {fileID: 0}
  m_ScaleInLightmap: 1
  m_PreserveUVs: 0
  m_ImportantGI: 0
  m_AutoUVMaxDistance: .5
  m_AutoUVMaxAngle: 89
  m_LightmapParameters: {fileID: 0}
  m_SortingLayerID: -1783731295
  m_SortingOrder: 0
  m_Sprite: {fileID: 21300000, guid: e7d3a1e0e2fac4bd48b6734c2daf4fe1, type: 3}
  m_Color: {r: 1, g: 1, b: 1, a: 1}
--- !u!1 &1331829358
GameObject:
  m_ObjectHideFlags: 0
  m_PrefabParentObject: {fileID: 0}
  m_PrefabInternal: {fileID: 0}
  serializedVersion: 4
  m_Component:
  - 4: {fileID: 1331829362}
  - 114: {fileID: 1331829361}
  - 114: {fileID: 1331829360}
  - 114: {fileID: 1331829359}
  m_Layer: 0
  m_Name: EventSystem
  m_TagString: Untagged
  m_Icon: {fileID: 0}
  m_NavMeshLayer: 0
  m_StaticEditorFlags: 0
  m_IsActive: 1
--- !u!114 &1331829359
MonoBehaviour:
  m_ObjectHideFlags: 0
  m_PrefabParentObject: {fileID: 0}
  m_PrefabInternal: {fileID: 0}
  m_GameObject: {fileID: 1331829358}
  m_Enabled: 1
  m_EditorHideFlags: 0
  m_Script: {fileID: 1997211142, guid: f5f67c52d1564df4a8936ccd202a3bd8, type: 3}
  m_Name: 
  m_EditorClassIdentifier: 
  m_AllowActivationOnStandalone: 0
--- !u!114 &1331829360
MonoBehaviour:
  m_ObjectHideFlags: 0
  m_PrefabParentObject: {fileID: 0}
  m_PrefabInternal: {fileID: 0}
  m_GameObject: {fileID: 1331829358}
  m_Enabled: 1
  m_EditorHideFlags: 0
  m_Script: {fileID: 1077351063, guid: f5f67c52d1564df4a8936ccd202a3bd8, type: 3}
  m_Name: 
  m_EditorClassIdentifier: 
  m_HorizontalAxis: Horizontal
  m_VerticalAxis: Vertical
  m_SubmitButton: Submit
  m_CancelButton: Cancel
  m_InputActionsPerSecond: 10
  m_RepeatDelay: .5
  m_AllowActivationOnMobileDevice: 0
--- !u!114 &1331829361
MonoBehaviour:
  m_ObjectHideFlags: 0
  m_PrefabParentObject: {fileID: 0}
  m_PrefabInternal: {fileID: 0}
  m_GameObject: {fileID: 1331829358}
  m_Enabled: 1
  m_EditorHideFlags: 0
  m_Script: {fileID: -619905303, guid: f5f67c52d1564df4a8936ccd202a3bd8, type: 3}
  m_Name: 
  m_EditorClassIdentifier: 
  m_FirstSelected: {fileID: 0}
  m_sendNavigationEvents: 1
  m_DragThreshold: 5
--- !u!4 &1331829362
Transform:
  m_ObjectHideFlags: 0
  m_PrefabParentObject: {fileID: 0}
  m_PrefabInternal: {fileID: 0}
  m_GameObject: {fileID: 1331829358}
  m_LocalRotation: {x: 0, y: 0, z: 0, w: 1}
  m_LocalPosition: {x: 0, y: 0, z: 0}
  m_LocalScale: {x: 1, y: 1, z: 1}
  m_Children: []
  m_Father: {fileID: 0}
  m_RootOrder: 7
--- !u!1 &1449052803
GameObject:
  m_ObjectHideFlags: 0
  m_PrefabParentObject: {fileID: 0}
  m_PrefabInternal: {fileID: 0}
  serializedVersion: 4
  m_Component:
  - 4: {fileID: 1449052805}
  - 108: {fileID: 1449052804}
  m_Layer: 0
  m_Name: Directional light
  m_TagString: Untagged
  m_Icon: {fileID: 0}
  m_NavMeshLayer: 0
  m_StaticEditorFlags: 0
  m_IsActive: 1
--- !u!108 &1449052804
Light:
  m_ObjectHideFlags: 0
  m_PrefabParentObject: {fileID: 0}
  m_PrefabInternal: {fileID: 0}
  m_GameObject: {fileID: 1449052803}
  m_Enabled: 1
  serializedVersion: 6
  m_Type: 1
  m_Color: {r: 1, g: 1, b: 1, a: 1}
  m_Intensity: 1
  m_Range: 10
  m_SpotAngle: 30
  m_CookieSize: 10
  m_Shadows:
    m_Type: 0
    m_Resolution: -1
    m_Strength: 1
    m_Bias: .0500000007
    m_NormalBias: .400000006
  m_Cookie: {fileID: 0}
  m_DrawHalo: 0
  m_Flare: {fileID: 0}
  m_RenderMode: 0
  m_CullingMask:
    serializedVersion: 2
    m_Bits: 4294967295
  m_Lightmapping: 4
  m_BounceIntensity: 1
  m_ShadowRadius: 0
  m_ShadowAngle: 0
  m_AreaSize: {x: 1, y: 1}
--- !u!4 &1449052805
Transform:
  m_ObjectHideFlags: 0
  m_PrefabParentObject: {fileID: 0}
  m_PrefabInternal: {fileID: 0}
  m_GameObject: {fileID: 1449052803}
  m_LocalRotation: {x: .408217937, y: -.234569728, z: .109381676, w: .875426054}
  m_LocalPosition: {x: -17.5765533, y: 2.72046161, z: -10}
  m_LocalScale: {x: 1, y: 1, z: 1}
  m_Children: []
  m_Father: {fileID: 0}
  m_RootOrder: 2
--- !u!1 &1513330864
GameObject:
  m_ObjectHideFlags: 0
  m_PrefabParentObject: {fileID: 100004, guid: 6aa187bc6339843479c03fdfd71404a3, type: 2}
  m_PrefabInternal: {fileID: 0}
  serializedVersion: 4
  m_Component:
  - 4: {fileID: 1513330865}
  - 212: {fileID: 1513330866}
  m_Layer: 9
  m_Name: leftHand
  m_TagString: Untagged
  m_Icon: {fileID: 0}
  m_NavMeshLayer: 0
  m_StaticEditorFlags: 0
  m_IsActive: 1
--- !u!4 &1513330865
Transform:
  m_ObjectHideFlags: 0
  m_PrefabParentObject: {fileID: 400004, guid: 6aa187bc6339843479c03fdfd71404a3, type: 2}
  m_PrefabInternal: {fileID: 0}
  m_GameObject: {fileID: 1513330864}
  m_LocalRotation: {x: 0, y: 0, z: 0, w: 1}
  m_LocalPosition: {x: .394247532, y: -.0149080753, z: 0}
  m_LocalScale: {x: .400000006, y: .400000006, z: .400000006}
  m_Children: []
  m_Father: {fileID: 1800880047}
  m_RootOrder: 4
--- !u!212 &1513330866
SpriteRenderer:
  m_ObjectHideFlags: 0
  m_PrefabParentObject: {fileID: 21200004, guid: 6aa187bc6339843479c03fdfd71404a3,
    type: 2}
  m_PrefabInternal: {fileID: 0}
  m_GameObject: {fileID: 1513330864}
  m_Enabled: 1
  m_CastShadows: 0
  m_ReceiveShadows: 0
  m_Materials:
  - {fileID: 10754, guid: 0000000000000000e000000000000000, type: 0}
  m_SubsetIndices: 
  m_StaticBatchRoot: {fileID: 0}
  m_UseLightProbes: 0
  m_ReflectionProbeUsage: 0
  m_ProbeAnchor: {fileID: 0}
  m_ScaleInLightmap: 1
  m_PreserveUVs: 0
  m_ImportantGI: 0
  m_AutoUVMaxDistance: .5
  m_AutoUVMaxAngle: 89
  m_LightmapParameters: {fileID: 0}
  m_SortingLayerID: -1783731295
  m_SortingOrder: 0
  m_Sprite: {fileID: 21300008, guid: e7d3a1e0e2fac4bd48b6734c2daf4fe1, type: 3}
  m_Color: {r: 1, g: 1, b: 1, a: 1}
--- !u!1 &1669216967
GameObject:
  m_ObjectHideFlags: 0
  m_PrefabParentObject: {fileID: 154998, guid: 6aa187bc6339843479c03fdfd71404a3, type: 2}
  m_PrefabInternal: {fileID: 0}
  serializedVersion: 4
  m_Component:
  - 4: {fileID: 1669216972}
  - 20: {fileID: 1669216971}
  - 92: {fileID: 1669216970}
  - 124: {fileID: 1669216969}
  - 81: {fileID: 1669216968}
  m_Layer: 0
  m_Name: Main Camera
  m_TagString: MainCamera
  m_Icon: {fileID: 0}
  m_NavMeshLayer: 0
  m_StaticEditorFlags: 0
  m_IsActive: 1
--- !u!81 &1669216968
AudioListener:
  m_ObjectHideFlags: 0
  m_PrefabParentObject: {fileID: 8106856, guid: 6aa187bc6339843479c03fdfd71404a3,
    type: 2}
  m_PrefabInternal: {fileID: 0}
  m_GameObject: {fileID: 1669216967}
  m_Enabled: 1
--- !u!124 &1669216969
Behaviour:
  m_ObjectHideFlags: 0
  m_PrefabParentObject: {fileID: 12409204, guid: 6aa187bc6339843479c03fdfd71404a3,
    type: 2}
  m_PrefabInternal: {fileID: 0}
  m_GameObject: {fileID: 1669216967}
  m_Enabled: 1
--- !u!92 &1669216970
Behaviour:
  m_ObjectHideFlags: 0
  m_PrefabParentObject: {fileID: 9204590, guid: 6aa187bc6339843479c03fdfd71404a3,
    type: 2}
  m_PrefabInternal: {fileID: 0}
  m_GameObject: {fileID: 1669216967}
  m_Enabled: 1
--- !u!20 &1669216971
Camera:
  m_ObjectHideFlags: 0
  m_PrefabParentObject: {fileID: 2073558, guid: 6aa187bc6339843479c03fdfd71404a3,
    type: 2}
  m_PrefabInternal: {fileID: 0}
  m_GameObject: {fileID: 1669216967}
  m_Enabled: 1
  serializedVersion: 2
  m_ClearFlags: 1
  m_BackGroundColor: {r: .165441185, g: .5, b: .420972228, a: .0196078438}
  m_NormalizedViewPortRect:
    serializedVersion: 2
    x: 0
    y: 0
    width: 1
    height: 1
  near clip plane: .300000012
  far clip plane: 1000
  field of view: 60
  orthographic: 1
  orthographic size: 8
  m_Depth: -1
  m_CullingMask:
    serializedVersion: 2
    m_Bits: 4294967295
  m_RenderingPath: -1
  m_TargetTexture: {fileID: 0}
  m_TargetDisplay: 0
  m_HDR: 0
  m_OcclusionCulling: 1
  m_StereoConvergence: 10
  m_StereoSeparation: .0219999999
  m_StereoMirrorMode: 0
--- !u!4 &1669216972
Transform:
  m_ObjectHideFlags: 0
  m_PrefabParentObject: {fileID: 471706, guid: 6aa187bc6339843479c03fdfd71404a3, type: 2}
  m_PrefabInternal: {fileID: 0}
  m_GameObject: {fileID: 1669216967}
  m_LocalRotation: {x: 0, y: 0, z: 0, w: 1}
  m_LocalPosition: {x: 0, y: 0, z: -7.5}
  m_LocalScale: {x: .833333313, y: .833333313, z: .833333313}
  m_Children: []
  m_Father: {fileID: 1800880047}
  m_RootOrder: 12
--- !u!1 &1713864132
GameObject:
  m_ObjectHideFlags: 0
  m_PrefabParentObject: {fileID: 0}
  m_PrefabInternal: {fileID: 0}
  serializedVersion: 4
  m_Component:
  - 4: {fileID: 1713864134}
  - 114: {fileID: 1713864133}
  m_Layer: 0
  m_Name: SpawnManager
  m_TagString: Untagged
  m_Icon: {fileID: 0}
  m_NavMeshLayer: 0
  m_StaticEditorFlags: 0
  m_IsActive: 1
--- !u!114 &1713864133
MonoBehaviour:
  m_ObjectHideFlags: 0
  m_PrefabParentObject: {fileID: 0}
  m_PrefabInternal: {fileID: 0}
  m_GameObject: {fileID: 1713864132}
  m_Enabled: 1
  m_EditorHideFlags: 0
  m_Script: {fileID: 11500000, guid: b67c05f0a27556348824a3eaa554be2e, type: 3}
  m_Name: 
  m_EditorClassIdentifier: 
  maxPlatforms: 20
  platform: {fileID: 171904, guid: 57fd2bb7499212741ab7c8669f427cee, type: 2}
  horizontalMin: 7.5
  horizontalMax: 14
  verticalMin: -6
  verticalMax: 6
--- !u!4 &1713864134
Transform:
  m_ObjectHideFlags: 0
  m_PrefabParentObject: {fileID: 0}
  m_PrefabInternal: {fileID: 0}
  m_GameObject: {fileID: 1713864132}
  m_LocalRotation: {x: 0, y: 0, z: 0, w: 1}
  m_LocalPosition: {x: 0, y: 0, z: 0}
  m_LocalScale: {x: 1, y: 1, z: 1}
  m_Children: []
  m_Father: {fileID: 0}
  m_RootOrder: 3
--- !u!1 &1777656304
GameObject:
  m_ObjectHideFlags: 0
  m_PrefabParentObject: {fileID: 100024, guid: 6aa187bc6339843479c03fdfd71404a3, type: 2}
  m_PrefabInternal: {fileID: 0}
  serializedVersion: 4
  m_Component:
  - 4: {fileID: 1777656305}
  - 212: {fileID: 1777656306}
  m_Layer: 9
  m_Name: tache
  m_TagString: Untagged
  m_Icon: {fileID: 0}
  m_NavMeshLayer: 0
  m_StaticEditorFlags: 0
  m_IsActive: 1
--- !u!4 &1777656305
Transform:
  m_ObjectHideFlags: 0
  m_PrefabParentObject: {fileID: 400024, guid: 6aa187bc6339843479c03fdfd71404a3, type: 2}
  m_PrefabInternal: {fileID: 0}
  m_GameObject: {fileID: 1777656304}
  m_LocalRotation: {x: 0, y: 0, z: 0, w: 1}
  m_LocalPosition: {x: .020652771, y: .0573613644, z: -1}
  m_LocalScale: {x: .400000006, y: .400000006, z: .400000006}
  m_Children: []
  m_Father: {fileID: 1800880047}
  m_RootOrder: 8
--- !u!212 &1777656306
SpriteRenderer:
  m_ObjectHideFlags: 0
  m_PrefabParentObject: {fileID: 21200018, guid: 6aa187bc6339843479c03fdfd71404a3,
    type: 2}
  m_PrefabInternal: {fileID: 0}
  m_GameObject: {fileID: 1777656304}
  m_Enabled: 1
  m_CastShadows: 0
  m_ReceiveShadows: 0
  m_Materials:
  - {fileID: 10754, guid: 0000000000000000e000000000000000, type: 0}
  m_SubsetIndices: 
  m_StaticBatchRoot: {fileID: 0}
  m_UseLightProbes: 0
  m_ReflectionProbeUsage: 0
  m_ProbeAnchor: {fileID: 0}
  m_ScaleInLightmap: 1
  m_PreserveUVs: 0
  m_ImportantGI: 0
  m_AutoUVMaxDistance: .5
  m_AutoUVMaxAngle: 89
  m_LightmapParameters: {fileID: 0}
  m_SortingLayerID: -1783731295
  m_SortingOrder: 0
  m_Sprite: {fileID: 21300006, guid: e7d3a1e0e2fac4bd48b6734c2daf4fe1, type: 3}
  m_Color: {r: 1, g: 1, b: 1, a: 1}
--- !u!1 &1800880046
GameObject:
  m_ObjectHideFlags: 0
  m_PrefabParentObject: {fileID: 100020, guid: 6aa187bc6339843479c03fdfd71404a3, type: 2}
  m_PrefabInternal: {fileID: 0}
  serializedVersion: 4
  m_Component:
  - 4: {fileID: 1800880047}
  - 50: {fileID: 1800880054}
  - 61: {fileID: 1800880053}
  - 58: {fileID: 1800880052}
  - 95: {fileID: 1800880051}
  - 114: {fileID: 1800880048}
  m_Layer: 9
  m_Name: hero
  m_TagString: Player
  m_Icon: {fileID: 0}
  m_NavMeshLayer: 0
  m_StaticEditorFlags: 0
  m_IsActive: 1
--- !u!4 &1800880047
Transform:
  m_ObjectHideFlags: 0
  m_PrefabParentObject: {fileID: 400020, guid: 6aa187bc6339843479c03fdfd71404a3, type: 2}
  m_PrefabInternal: {fileID: 0}
  m_GameObject: {fileID: 1800880046}
  m_LocalRotation: {x: 0, y: 0, z: 0, w: 1}
  m_LocalPosition: {x: 0, y: 6.36000013, z: 0}
  m_LocalScale: {x: 1, y: 1, z: 1}
  m_Children:
  - {fileID: 1864909487}
  - {fileID: 2000042962}
  - {fileID: 154235395}
  - {fileID: 964929137}
  - {fileID: 1513330865}
  - {fileID: 1155856113}
  - {fileID: 1246195139}
  - {fileID: 634310871}
  - {fileID: 1777656305}
  - {fileID: 1963538186}
  - {fileID: 2028550044}
  - {fileID: 975936142}
  - {fileID: 1669216972}
  m_Father: {fileID: 0}
  m_RootOrder: 0
--- !u!114 &1800880048
MonoBehaviour:
  m_ObjectHideFlags: 0
  m_PrefabParentObject: {fileID: 11460362, guid: 6aa187bc6339843479c03fdfd71404a3,
    type: 2}
  m_PrefabInternal: {fileID: 0}
  m_GameObject: {fileID: 1800880046}
  m_Enabled: 1
  m_EditorHideFlags: 0
  m_Script: {fileID: 11500000, guid: 873de75619bf93748a4fc2ad925c9bc4, type: 3}
  m_Name: 
  m_EditorClassIdentifier: 
  healthText: {fileID: 1977162476}
  JumpSound: {fileID: 8300000, guid: 39ebeef6f6ab027488a51dd3f0e595d2, type: 3}
  facingRight: 1
  jump: 1
  moveForce: 365
  maxSpeed: 5
  jumpForce: 1000
  groundCheck: {fileID: 1963538186}
--- !u!95 &1800880051
Animator:
  serializedVersion: 3
  m_ObjectHideFlags: 0
  m_PrefabParentObject: {fileID: 9500000, guid: 6aa187bc6339843479c03fdfd71404a3,
    type: 2}
  m_PrefabInternal: {fileID: 0}
  m_GameObject: {fileID: 1800880046}
  m_Enabled: 1
  m_Avatar: {fileID: 0}
  m_Controller: {fileID: 9100000, guid: 1ad1c509ffb314b2b933a73b401aae26, type: 2}
  m_CullingMode: 1
  m_UpdateMode: 1
  m_ApplyRootMotion: 0
  m_LinearVelocityBlending: 0
  m_WarningMessage: 
  m_HasTransformHierarchy: 1
  m_AllowConstantClipSamplingOptimization: 1
--- !u!58 &1800880052
CircleCollider2D:
  m_ObjectHideFlags: 0
  m_PrefabParentObject: {fileID: 5800000, guid: 6aa187bc6339843479c03fdfd71404a3,
    type: 2}
  m_PrefabInternal: {fileID: 0}
  m_GameObject: {fileID: 1800880046}
  m_Enabled: 1
  m_Material: {fileID: 6200000, guid: 24ac79603fb61400588e37d9f6fe952a, type: 2}
  m_IsTrigger: 0
  m_UsedByEffector: 0
  m_Offset: {x: 0, y: -.449999988}
  serializedVersion: 2
  m_Radius: .370000005
--- !u!61 &1800880053
BoxCollider2D:
  m_ObjectHideFlags: 0
  m_PrefabParentObject: {fileID: 6100000, guid: 6aa187bc6339843479c03fdfd71404a3,
    type: 2}
  m_PrefabInternal: {fileID: 0}
  m_GameObject: {fileID: 1800880046}
  m_Enabled: 1
  m_Material: {fileID: 0}
  m_IsTrigger: 0
  m_UsedByEffector: 0
  m_Offset: {x: 0, y: 0}
  serializedVersion: 2
  m_Size: {x: .610000014, y: 1.16999996}
--- !u!50 &1800880054
Rigidbody2D:
  serializedVersion: 2
  m_ObjectHideFlags: 0
  m_PrefabParentObject: {fileID: 5000000, guid: 6aa187bc6339843479c03fdfd71404a3,
    type: 2}
  m_PrefabInternal: {fileID: 0}
  m_GameObject: {fileID: 1800880046}
  m_Mass: 1
  m_LinearDrag: 0
  m_AngularDrag: .0500000007
  m_GravityScale: 1
  m_IsKinematic: 0
  m_Interpolate: 1
  m_SleepingMode: 1
  m_CollisionDetection: 0
  m_Constraints: 4
--- !u!1 &1864909486
GameObject:
  m_ObjectHideFlags: 0
  m_PrefabParentObject: {fileID: 100026, guid: 6aa187bc6339843479c03fdfd71404a3, type: 2}
  m_PrefabInternal: {fileID: 0}
  serializedVersion: 4
  m_Component:
  - 4: {fileID: 1864909487}
  - 212: {fileID: 1864909488}
  m_Layer: 9
  m_Name: Bazooka
  m_TagString: Untagged
  m_Icon: {fileID: 0}
  m_NavMeshLayer: 0
  m_StaticEditorFlags: 0
  m_IsActive: 0
--- !u!4 &1864909487
Transform:
  m_ObjectHideFlags: 0
  m_PrefabParentObject: {fileID: 400026, guid: 6aa187bc6339843479c03fdfd71404a3, type: 2}
  m_PrefabInternal: {fileID: 0}
  m_GameObject: {fileID: 1864909486}
  m_LocalRotation: {x: 0, y: 0, z: 0, w: 1}
  m_LocalPosition: {x: .0711336136, y: .165223837, z: 1}
  m_LocalScale: {x: .400000006, y: .400000006, z: .400000006}
  m_Children: []
  m_Father: {fileID: 1800880047}
  m_RootOrder: 0
--- !u!212 &1864909488
SpriteRenderer:
  m_ObjectHideFlags: 0
  m_PrefabParentObject: {fileID: 21200020, guid: 6aa187bc6339843479c03fdfd71404a3,
    type: 2}
  m_PrefabInternal: {fileID: 0}
  m_GameObject: {fileID: 1864909486}
  m_Enabled: 1
  m_CastShadows: 0
  m_ReceiveShadows: 0
  m_Materials:
  - {fileID: 10754, guid: 0000000000000000e000000000000000, type: 0}
  m_SubsetIndices: 
  m_StaticBatchRoot: {fileID: 0}
  m_UseLightProbes: 0
  m_ReflectionProbeUsage: 0
  m_ProbeAnchor: {fileID: 0}
  m_ScaleInLightmap: 1
  m_PreserveUVs: 0
  m_ImportantGI: 0
  m_AutoUVMaxDistance: .5
  m_AutoUVMaxAngle: 89
  m_LightmapParameters: {fileID: 0}
  m_SortingLayerID: -1783731295
  m_SortingOrder: 0
  m_Sprite: {fileID: 21300014, guid: e7d3a1e0e2fac4bd48b6734c2daf4fe1, type: 3}
  m_Color: {r: 1, g: 1, b: 1, a: 1}
--- !u!1 &1963538185
GameObject:
  m_ObjectHideFlags: 0
  m_PrefabParentObject: {fileID: 100010, guid: 6aa187bc6339843479c03fdfd71404a3, type: 2}
  m_PrefabInternal: {fileID: 0}
  serializedVersion: 4
  m_Component:
  - 4: {fileID: 1963538186}
  m_Layer: 9
  m_Name: groundCheck
  m_TagString: Untagged
  m_Icon: {fileID: -2065832391, guid: 0000000000000000d000000000000000, type: 0}
  m_NavMeshLayer: 0
  m_StaticEditorFlags: 0
  m_IsActive: 1
--- !u!4 &1963538186
Transform:
  m_ObjectHideFlags: 0
  m_PrefabParentObject: {fileID: 400010, guid: 6aa187bc6339843479c03fdfd71404a3, type: 2}
  m_PrefabInternal: {fileID: 0}
  m_GameObject: {fileID: 1963538185}
  m_LocalRotation: {x: 0, y: 0, z: 0, w: 1}
  m_LocalPosition: {x: 0, y: -.989046097, z: 0}
  m_LocalScale: {x: 1, y: 1, z: 1}
  m_Children: []
  m_Father: {fileID: 1800880047}
  m_RootOrder: 9
--- !u!1 &1977162475
GameObject:
  m_ObjectHideFlags: 0
  m_PrefabParentObject: {fileID: 0}
  m_PrefabInternal: {fileID: 0}
  serializedVersion: 4
  m_Component:
  - 224: {fileID: 1977162478}
  - 222: {fileID: 1977162477}
  - 114: {fileID: 1977162476}
  m_Layer: 5
  m_Name: Text
  m_TagString: Untagged
  m_Icon: {fileID: 0}
  m_NavMeshLayer: 0
  m_StaticEditorFlags: 0
  m_IsActive: 1
--- !u!114 &1977162476
MonoBehaviour:
  m_ObjectHideFlags: 0
  m_PrefabParentObject: {fileID: 0}
  m_PrefabInternal: {fileID: 0}
  m_GameObject: {fileID: 1977162475}
  m_Enabled: 1
  m_EditorHideFlags: 0
  m_Script: {fileID: 708705254, guid: f5f67c52d1564df4a8936ccd202a3bd8, type: 3}
  m_Name: 
  m_EditorClassIdentifier: 
  m_Material: {fileID: 0}
  m_Color: {r: .572000027, g: 1, b: .977999985, a: 1}
  m_FontData:
    m_Font: {fileID: 10102, guid: 0000000000000000e000000000000000, type: 0}
    m_FontSize: 50
    m_FontStyle: 0
    m_BestFit: 0
    m_MinSize: 10
    m_MaxSize: 40
    m_Alignment: 4
    m_RichText: 1
    m_HorizontalOverflow: 1
    m_VerticalOverflow: 1
    m_LineSpacing: 1
  m_Text: 'Health: 100'
--- !u!222 &1977162477
CanvasRenderer:
  m_ObjectHideFlags: 0
  m_PrefabParentObject: {fileID: 0}
  m_PrefabInternal: {fileID: 0}
  m_GameObject: {fileID: 1977162475}
--- !u!224 &1977162478
RectTransform:
  m_ObjectHideFlags: 0
  m_PrefabParentObject: {fileID: 0}
  m_PrefabInternal: {fileID: 0}
  m_GameObject: {fileID: 1977162475}
  m_LocalRotation: {x: 0, y: 0, z: 0, w: 1}
  m_LocalPosition: {x: 0, y: 0, z: 0}
  m_LocalScale: {x: 1, y: 1, z: 1}
  m_Children: []
  m_Father: {fileID: 2014192051}
  m_RootOrder: 0
  m_AnchorMin: {x: .5, y: .0500000007}
  m_AnchorMax: {x: .5, y: .0500000007}
  m_AnchoredPosition: {x: 0, y: 0}
  m_SizeDelta: {x: 160, y: 39.2000008}
  m_Pivot: {x: .5, y: .500000238}
--- !u!1 &2000042961
GameObject:
  m_ObjectHideFlags: 0
  m_PrefabParentObject: {fileID: 100012, guid: 6aa187bc6339843479c03fdfd71404a3, type: 2}
  m_PrefabInternal: {fileID: 0}
  serializedVersion: 4
  m_Component:
  - 4: {fileID: 2000042962}
  - 212: {fileID: 2000042963}
  m_Layer: 9
  m_Name: hat
  m_TagString: Untagged
  m_Icon: {fileID: 0}
  m_NavMeshLayer: 0
  m_StaticEditorFlags: 0
  m_IsActive: 1
--- !u!4 &2000042962
Transform:
  m_ObjectHideFlags: 0
  m_PrefabParentObject: {fileID: 400012, guid: 6aa187bc6339843479c03fdfd71404a3, type: 2}
  m_PrefabInternal: {fileID: 0}
  m_GameObject: {fileID: 2000042961}
  m_LocalRotation: {x: 0, y: 0, z: 0, w: 1}
  m_LocalPosition: {x: -.212032318, y: .549956083, z: 0}
  m_LocalScale: {x: .400000006, y: .400000006, z: .400000006}
  m_Children: []
  m_Father: {fileID: 1800880047}
  m_RootOrder: 1
--- !u!212 &2000042963
SpriteRenderer:
  m_ObjectHideFlags: 0
  m_PrefabParentObject: {fileID: 21200010, guid: 6aa187bc6339843479c03fdfd71404a3,
    type: 2}
  m_PrefabInternal: {fileID: 0}
  m_GameObject: {fileID: 2000042961}
  m_Enabled: 1
  m_CastShadows: 0
  m_ReceiveShadows: 0
  m_Materials:
  - {fileID: 10754, guid: 0000000000000000e000000000000000, type: 0}
  m_SubsetIndices: 
  m_StaticBatchRoot: {fileID: 0}
  m_UseLightProbes: 0
  m_ReflectionProbeUsage: 0
  m_ProbeAnchor: {fileID: 0}
  m_ScaleInLightmap: 1
  m_PreserveUVs: 0
  m_ImportantGI: 0
  m_AutoUVMaxDistance: .5
  m_AutoUVMaxAngle: 89
  m_LightmapParameters: {fileID: 0}
  m_SortingLayerID: -1783731295
  m_SortingOrder: 0
  m_Sprite: {fileID: 21300010, guid: e7d3a1e0e2fac4bd48b6734c2daf4fe1, type: 3}
  m_Color: {r: 1, g: 1, b: 1, a: 1}
--- !u!1 &2014192050
GameObject:
  m_ObjectHideFlags: 0
  m_PrefabParentObject: {fileID: 0}
  m_PrefabInternal: {fileID: 0}
  serializedVersion: 4
  m_Component:
  - 224: {fileID: 2014192051}
  - 223: {fileID: 2014192054}
  - 114: {fileID: 2014192053}
  - 114: {fileID: 2014192052}
  m_Layer: 5
  m_Name: HUD
  m_TagString: Untagged
  m_Icon: {fileID: 0}
  m_NavMeshLayer: 0
  m_StaticEditorFlags: 0
  m_IsActive: 1
--- !u!224 &2014192051
RectTransform:
  m_ObjectHideFlags: 0
  m_PrefabParentObject: {fileID: 0}
  m_PrefabInternal: {fileID: 0}
  m_GameObject: {fileID: 2014192050}
  m_LocalRotation: {x: 0, y: 0, z: 0, w: 1}
  m_LocalPosition: {x: 0, y: 0, z: 0}
  m_LocalScale: {x: 0, y: 0, z: 0}
  m_Children:
  - {fileID: 1977162478}
  m_Father: {fileID: 0}
  m_RootOrder: 6
  m_AnchorMin: {x: 0, y: 0}
  m_AnchorMax: {x: 0, y: 0}
  m_AnchoredPosition: {x: 0, y: 0}
  m_SizeDelta: {x: 0, y: 0}
  m_Pivot: {x: 0, y: 0}
--- !u!114 &2014192052
MonoBehaviour:
  m_ObjectHideFlags: 0
  m_PrefabParentObject: {fileID: 0}
  m_PrefabInternal: {fileID: 0}
  m_GameObject: {fileID: 2014192050}
  m_Enabled: 1
  m_EditorHideFlags: 0
  m_Script: {fileID: 1301386320, guid: f5f67c52d1564df4a8936ccd202a3bd8, type: 3}
  m_Name: 
  m_EditorClassIdentifier: 
  m_IgnoreReversedGraphics: 1
  m_BlockingObjects: 0
  m_BlockingMask:
    serializedVersion: 2
    m_Bits: 4294967295
--- !u!114 &2014192053
MonoBehaviour:
  m_ObjectHideFlags: 0
  m_PrefabParentObject: {fileID: 0}
  m_PrefabInternal: {fileID: 0}
  m_GameObject: {fileID: 2014192050}
  m_Enabled: 1
  m_EditorHideFlags: 0
  m_Script: {fileID: 1980459831, guid: f5f67c52d1564df4a8936ccd202a3bd8, type: 3}
  m_Name: 
  m_EditorClassIdentifier: 
  m_UiScaleMode: 0
  m_ReferencePixelsPerUnit: 100
  m_ScaleFactor: 1
  m_ReferenceResolution: {x: 800, y: 600}
  m_ScreenMatchMode: 0
  m_MatchWidthOrHeight: 0
  m_PhysicalUnit: 3
  m_FallbackScreenDPI: 96
  m_DefaultSpriteDPI: 96
  m_DynamicPixelsPerUnit: 1
--- !u!223 &2014192054
Canvas:
  m_ObjectHideFlags: 0
  m_PrefabParentObject: {fileID: 0}
  m_PrefabInternal: {fileID: 0}
  m_GameObject: {fileID: 2014192050}
  m_Enabled: 1
  serializedVersion: 2
  m_RenderMode: 0
  m_Camera: {fileID: 0}
  m_PlaneDistance: 100
  m_PixelPerfect: 0
  m_ReceivesEvents: 1
  m_OverrideSorting: 0
  m_OverridePixelPerfect: 0
  m_SortingLayerID: 0
  m_SortingOrder: 0
--- !u!1 &2028550043
GameObject:
  m_ObjectHideFlags: 0
  m_PrefabParentObject: {fileID: 100028, guid: 6aa187bc6339843479c03fdfd71404a3, type: 2}
  m_PrefabInternal: {fileID: 0}
  serializedVersion: 4
  m_Component:
  - 4: {fileID: 2028550044}
  - 212: {fileID: 2028550046}
  - 82: {fileID: 2028550045}
  m_Layer: 9
  m_Name: body
  m_TagString: Untagged
  m_Icon: {fileID: 0}
  m_NavMeshLayer: 0
  m_StaticEditorFlags: 0
  m_IsActive: 1
--- !u!4 &2028550044
Transform:
  m_ObjectHideFlags: 0
  m_PrefabParentObject: {fileID: 400028, guid: 6aa187bc6339843479c03fdfd71404a3, type: 2}
  m_PrefabInternal: {fileID: 0}
  m_GameObject: {fileID: 2028550043}
  m_LocalRotation: {x: 0, y: 0, z: 0, w: 1}
  m_LocalPosition: {x: 0, y: 0, z: 0}
  m_LocalScale: {x: .400000006, y: .400000006, z: .400000006}
  m_Children: []
  m_Father: {fileID: 1800880047}
  m_RootOrder: 10
--- !u!82 &2028550045
AudioSource:
  m_ObjectHideFlags: 0
  m_PrefabParentObject: {fileID: 8200002, guid: 6aa187bc6339843479c03fdfd71404a3,
    type: 2}
  m_PrefabInternal: {fileID: 0}
  m_GameObject: {fileID: 2028550043}
  m_Enabled: 1
  serializedVersion: 4
  OutputAudioMixerGroup: {fileID: 0}
  m_audioClip: {fileID: 8300000, guid: f7f44450152044d2b9fce9c34b2a54a6, type: 3}
  m_PlayOnAwake: 0
  m_Volume: 1
  m_Pitch: 1
  Loop: 1
  Mute: 0
  Priority: 128
  DopplerLevel: 1
  MinDistance: 1
  MaxDistance: 500
  Pan2D: 0
  rolloffMode: 0
  BypassEffects: 0
  BypassListenerEffects: 0
  BypassReverbZones: 0
  rolloffCustomCurve:
    serializedVersion: 2
    m_Curve:
    - time: 0
      value: 1
      inSlope: 0
      outSlope: 0
      tangentMode: 0
    - time: 1
      value: 0
      inSlope: 0
      outSlope: 0
      tangentMode: 0
    m_PreInfinity: 2
    m_PostInfinity: 2
  panLevelCustomCurve:
    serializedVersion: 2
    m_Curve:
    - time: 0
      value: 1
      inSlope: 0
      outSlope: 0
      tangentMode: 0
    m_PreInfinity: 2
    m_PostInfinity: 2
  spreadCustomCurve:
    serializedVersion: 2
    m_Curve:
    - time: 0
      value: 0
      inSlope: 0
      outSlope: 0
      tangentMode: 0
    m_PreInfinity: 2
    m_PostInfinity: 2
  reverbZoneMixCustomCurve:
    serializedVersion: 2
    m_Curve:
    - time: 0
      value: 1
      inSlope: 0
      outSlope: 0
      tangentMode: 0
    m_PreInfinity: 2
    m_PostInfinity: 2
--- !u!212 &2028550046
SpriteRenderer:
  m_ObjectHideFlags: 0
  m_PrefabParentObject: {fileID: 21200022, guid: 6aa187bc6339843479c03fdfd71404a3,
    type: 2}
  m_PrefabInternal: {fileID: 0}
  m_GameObject: {fileID: 2028550043}
  m_Enabled: 1
  m_CastShadows: 0
  m_ReceiveShadows: 0
  m_Materials:
  - {fileID: 10754, guid: 0000000000000000e000000000000000, type: 0}
  m_SubsetIndices: 
  m_StaticBatchRoot: {fileID: 0}
  m_UseLightProbes: 0
  m_ReflectionProbeUsage: 0
  m_ProbeAnchor: {fileID: 0}
  m_ScaleInLightmap: 1
  m_PreserveUVs: 0
  m_ImportantGI: 0
  m_AutoUVMaxDistance: .5
  m_AutoUVMaxAngle: 89
  m_LightmapParameters: {fileID: 0}
  m_SortingLayerID: -1783731295
  m_SortingOrder: 0
  m_Sprite: {fileID: 21300004, guid: e7d3a1e0e2fac4bd48b6734c2daf4fe1, type: 3}
  m_Color: {r: 1, g: 1, b: 1, a: 1}
